<record><leader>00000cas a22000007a 4500</leader><controlfield tag="001">14868576</controlfield><controlfield tag="008">861124d19uu19uutxuwr ne      0    0eng d</controlfield><datafield ind1=" " ind2=" " tag="010"><subfield code="a">sn 86090260 </subfield></datafield><datafield ind1=" " ind2=" " tag="040"><subfield code="a">PPM</subfield><subfield code="b">eng</subfield><subfield code="c">PPM</subfield><subfield code="d">OCLCQ</subfield></datafield><datafield ind1=" " ind2=" " tag="042"><subfield code="a">msc</subfield></datafield><datafield ind1="0" ind2="4" tag="245"><subfield code="a">The Smithville times enterprise and transcript.</subfield></datafield><datafield ind1="1" ind2="3" tag="246"><subfield code="a">Smithville times</subfield></datafield><datafield ind1=" " ind2=" " tag="260"><subfield code="a">Smithville, Tex. :</subfield><subfield code="b">W.M. Cobb</subfield></datafield><datafield ind1=" " ind2=" " tag="300"><subfield code="a">v. :</subfield><subfield code="b">ill.</subfield></datafield><datafield ind1=" " ind2=" " tag="310"><subfield code="a">Weekly</subfield></datafield><datafield ind1=" " ind2=" " tag="500"><subfield code="a">Continues numbering of: Smithville times.</subfield></datafield><datafield ind1=" " ind2=" " tag="588"><subfield code="a">Description based on: Vol. 19, no. 37 (Sept. 20, 1912).</subfield></datafield><datafield ind1=" " ind2=" " tag="752"><subfield code="a">United States</subfield><subfield code="b">Texas</subfield><subfield code="c">Bastrop</subfield><subfield code="d">Smithville.</subfield></datafield><datafield ind1="0" ind2="4" tag="780"><subfield code="t">Smithville times (Smithville, Tex. : 1894)</subfield><subfield code="w">(DLC)sn 86090261</subfield></datafield><datafield ind1="0" ind2="4" tag="780"><subfield code="t">Smithville enterprise</subfield><subfield code="w">(DLC)sn 88083468</subfield></datafield><datafield ind1="0" ind2="0" tag="785"><subfield code="t">Smithville times transcript and enterprise</subfield><subfield code="w">(DLC)sn9300068258</subfield></datafield></record>